<record><leader>00000cas a22000007a 4500</leader><controlfield tag="001">38537442</controlfield><controlfield tag="008">980303d19931995mauwr ne      0    0eng d</controlfield><datafield ind1=" " ind2=" " tag="010"><subfield code="a">sn 97068885 </subfield></datafield><datafield ind1=" " ind2=" " tag="040"><subfield code="a">MGN</subfield><subfield code="b">eng</subfield><subfield code="c">MGN</subfield><subfield code="d">OCLCQ</subfield></datafield><datafield ind1=" " ind2=" " tag="042"><subfield code="a">msc</subfield></datafield><datafield ind1="0" ind2="0" tag="245"><subfield code="a">Hingham journal &amp; mariner.</subfield></datafield><datafield ind1="3" ind2=" " tag="246"><subfield code="a">Hingham journal and mariner</subfield></datafield><datafield ind1=" " ind2=" " tag="260"><subfield code="a">Hingham, MA :</subfield><subfield code="b">Mariner Newspapers</subfield></datafield><datafield ind1=" " ind2=" " tag="300"><subfield code="a">v.</subfield></datafield><datafield ind1=" " ind2=" " tag="310"><subfield code="a">Weekly</subfield></datafield><datafield ind1="0" ind2=" " tag="362"><subfield code="a">Vol. 166, no. 43 (Oct. 28, 1993)-v. 168, no. 38 (Sept. 21, 1995).</subfield></datafield><datafield ind1=" " ind2=" " tag="752"><subfield code="a">United States</subfield><subfield code="b">Massachusetts</subfield><subfield code="c">Plymouth</subfield><subfield code="d">Hingham.</subfield></datafield><datafield ind1="0" ind2="4" tag="780"><subfield code="t">Hingham journal (Hingham, Mass. : 1881)</subfield><subfield code="w">(DLC)sn 85033081</subfield></datafield><datafield ind1="0" ind2="4" tag="780"><subfield code="t">Hingham mariner</subfield><subfield code="w">(DLC)sn 83000531</subfield></datafield><datafield ind1="0" ind2="0" tag="785"><subfield code="t">Hingham journal (Hingham, Mass. : 1995)</subfield><subfield code="w">(DLC)sn 97068886</subfield></datafield></record>